@book{pruvodce,
  title={Průvodce labyrintem algoritmů},
  author={Mare{\v{s}}, Martin and Valla, Tom{\'a}{\v{s}}},
  year={2017},
  publisher={CZ. NIC, zspo}
}

@inproceedings{fib,
  title={Replacing mark bits with randomness in Fibonacci heaps},
  author={Li, Jerry and Peebles, John},
  booktitle={International Colloquium on Automata, Languages, and Programming},
  pages={886--897},
  year={2015},
  organization={Springer}
}

